<record><leader>00000cas a2200000   4500</leader><controlfield tag="001">4376847</controlfield><controlfield tag="008">781116c19uu9999ncuwr ne      0   a0eng d</controlfield><datafield ind1=" " ind2=" " tag="010"><subfield code="a">sn 78002168 </subfield></datafield><datafield ind1=" " ind2=" " tag="040"><subfield code="a">NSD</subfield><subfield code="b">eng</subfield><subfield code="c">NSD</subfield><subfield code="d">OCL</subfield><subfield code="d">NSD</subfield><subfield code="d">OCLCQ</subfield></datafield><datafield ind1=" " ind2=" " tag="012"><subfield code="k">1</subfield><subfield code="l">1</subfield><subfield code="m">1</subfield></datafield><datafield ind1="1" ind2=" " tag="022"><subfield code="a">0163-4038</subfield><subfield code="l">0163-4038</subfield><subfield code="2">1</subfield></datafield><datafield ind1="1" ind2=" " tag="029"><subfield code="a">AU@</subfield><subfield code="b">000042194583</subfield></datafield><datafield ind1=" " ind2=" " tag="032"><subfield code="a">528360</subfield><subfield code="b">USPS</subfield></datafield><datafield ind1=" " ind2=" " tag="037"><subfield code="b">Star-News Newspapers Co., 1003 South 17th St., Wilmington, N.C. 28401</subfield></datafield><datafield ind1=" " ind2=" " tag="042"><subfield code="a">nsdp</subfield></datafield><datafield ind1=" " ind2="4" tag="222"><subfield code="a">The Sunday star-news</subfield></datafield><datafield ind1="0" ind2="4" tag="245"><subfield code="a">The Sunday star-news.</subfield></datafield><datafield ind1=" " ind2=" " tag="260"><subfield code="a">Wilmington, N.C.,</subfield><subfield code="b">Star-News Newspapers Co.</subfield></datafield><datafield ind1=" " ind2=" " tag="310"><subfield code="a">Weekly</subfield></datafield><datafield ind1=" " ind2=" " tag="580"><subfield code="a">Sunday star-news is issued on a weekly basis as well as part of daily subscription.</subfield></datafield><datafield ind1="0" ind2=" " tag="730"><subfield code="a">Star-News (Wilmington, N.C.)</subfield></datafield><datafield ind1="1" ind2=" " tag="787"><subfield code="t">Star-News (Wilmington, N.C.)</subfield><subfield code="x">1937-4100</subfield><subfield code="w">(DLC)sn2006058283</subfield><subfield code="w">(OCoLC)52221738</subfield></datafield><datafield ind1=" " ind2=" " tag="936"><subfield code="a">Oct. 29, 1978</subfield></datafield></record>